@article{gill2005factors,
	title={Factors affecting effective software quality management revisited},
	author={Gill, Nasib S},
	journal={ACM SIGSOFT Software Engineering Notes},
	volume={30},
	number={2},
	pages={1--4},
	year={2005},
	publisher={ACM}
}
@inproceedings{ieee1998ieee,
	title={Ieee recommended practice for software requirements specifications},
	author={IEEE Computer Society. Software Engineering Standards Committee and IEEE-SA Standards Board},
	year={1998},
	organization={Institute of Electrical and Electronics Engineers}
}
